@inproceedings{Benson2018,
    title = {{A Discrete Choice Model for Subset Selection}},
    year = {2018},
    booktitle = {Proceedings of the Eleventh ACM International Conference on Web Search and Data Mining - WSDM '18},
    author = {Benson, Austin R. and Kumar, Ravi and Tomkins, Andrew},
    pages = {37--45},
    publisher = {ACM Press},
    url = {http://dl.acm.org/citation.cfm?doid=3159652.3159702},
    address = {New York, New York, USA},
    isbn = {9781450355810},
    doi = {10.1145/3159652.3159702}
}

@techreport{He2019,
    title = {{A Hybrid Neural Network Model for Commonsense Reasoning}},
    year = {2019},
    author = {He, Pengcheng and Liu, Xiaodong and Chen, Weizhu and Gao, Jianfeng},
    url = {http://arxiv.org/abs/1907.11983},
    arxivId = {1907.11983}
}

@article{Liu2016,
    title = {{An overview of topic modeling and its current applications in bioinformatics}},
    year = {2016},
    journal = {SpringerPlus},
    author = {Liu, Lin and Tang, Lin and Dong, Wen and Yao, Shaowen and Zhou, Wei},
    number = {1},
    pages = {1608},
    volume = {5},
    url = {https://doi.org/10.1186/s40064-016-3252-8},
    doi = {10.1186/s40064-016-3252-8},
    issn = {2193-1801}
}

@techreport{Vaswani2017,
    title = {{Attention is all you need}},
    year = {2017},
    booktitle = {Advances in Neural Information Processing Systems},
    author = {Vaswani, Ashish and Shazeer, Noam and Parmar, Niki and Uszkoreit, Jakob and Jones, Llion and Gomez, Aidan N. and Kaiser, Łukasz and Polosukhin, Illia},
    pages = {5999--6009},
    volume = {2017-Decem},
    issn = {10495258},
    arxivId = {1706.03762v5}
}

@inproceedings{Ding2015,
    title = {{Auto-categorization of HS code using background net approach}},
    year = {2015},
    booktitle = {Procedia Computer Science},
    author = {Ding, Liya and Fan, Zhen Zhen and Chen, Dong Liang},
    number = {1},
    month = {1},
    pages = {1462--1471},
    volume = {60},
    publisher = {Elsevier},
    url = {https://www.sciencedirect.com/science/article/pii/S1877050915023510},
    doi = {10.1016/j.procs.2015.08.224},
    issn = {18770509},
    keywords = {Background net, HS code classification, Text categorization}
}

@article{article,
    title = {{Basic Principles of Customs Classifications under the Harmonized System}},
    year = {2008},
    author = {Weerth, Carsten},
    pages = {61},
    volume = {3}
}

@article{Devlin2018,
    title = {{BERT: Pre-training of Deep Bidirectional Transformers for Language Understanding}},
    year = {2018},
    author = {Devlin, Jacob and Chang, Ming-Wei and Lee, Kenton and Toutanova, Kristina},
    url = {http://arxiv.org/abs/1810.04805},
    isbn = {1810.04805v2},
    arxivId = {1810.04805}
}

@article{CHIACHIA2012,
    title = {{CENSUS HISTOGRAMS: A SIMPLE FEATURE EXTRACTION AND MATCHING APPROACH FOR FACE RECOGNITION}},
    year = {2012},
    journal = {International Journal of Pattern Recognition and Artificial Intelligence},
    author = {CHIACHIA, GIOVANI and MARANA, APARECIDO NILCEU and RUF, TOBIAS and ERNST, ANDREAS},
    number = {08},
    month = {12},
    pages = {1337--1348},
    volume = {25},
    url = {http://www.worldscientific.com/doi/abs/10.1142/S0218001411009068},
    doi = {10.1142/s0218001411009068},
    issn = {0218-0014}
}

@techreport{Lample2019,
    title = {{Cross-lingual Language Model Pretraining}},
    year = {2019},
    author = {Lample, Guillaume and Conneau, Alexis},
    url = {http://arxiv.org/abs/1901.07291},
    arxivId = {1901.07291}
}

@article{Li2019,
    title = {{Customs classification for cross-border e-commerce based on text-image adaptive convolutional neural network}},
    year = {2019},
    journal = {Electronic Commerce Research},
    author = {Li, Guo and Li, Na},
    month = {2},
    url = {https://doi.org/10.1007/s10660-019-09334-x},
    doi = {10.1007/s10660-019-09334-x},
    issn = {1572-9362}
}

@incollection{Chierichetti2018,
    title = {{Discrete Choice, Permutations, and Reconstruction}},
    year = {2018},
    booktitle = {Proceedings of the Twenty-Ninth Annual ACM-SIAM Symposium on Discrete Algorithms},
    author = {Chierichetti, Flavio and Kumar, Ravi and Tomkins, Andrew},
    month = {1},
    pages = {576--586},
    publisher = {Society for Industrial and Applied Mathematics},
    url = {https://epubs.siam.org/doi/10.1137/1.9781611975031.38},
    address = {Philadelphia, PA},
    doi = {10.1137/1.9781611975031.38}
}

@article{7921698,
    title = {{Email Classification Research Trends: Review and Open Issues}},
    year = {2017},
    journal = {IEEE Access},
    author = {Mujtaba, G and Shuib, L and Raj, R G and Majeed, N and Al-Garadi, M A},
    pages = {9044--9064},
    volume = {5},
    doi = {10.1109/ACCESS.2017.2702187},
    keywords = {data analysis;electronic mail;business users;perso}
}

@techreport{Wang2019b,
    title = {{GLUE: A Multi-Task Benchmark and Analysis Platform for Natural Language Understanding}},
    year = {2019},
    author = {Wang, Alex and Singh, Amanpreet and Michael, Julian and Hill, Felix and Levy, Omer and Bowman, Samuel},
    pages = {353--355},
    doi = {10.18653/v1/w18-5446}
}

@article{Kiron2018,
    title = {{How AI Will Define New Industries}},
    year = {2018},
    journal = {MIT Sloan Management Review},
    author = {Kiron, David and Unruh, Gregory},
    pages = {1--5},
    url = {https://sloanreview.mit.edu/article/how-ai-will-define-new-industries/}
}

@article{Bean2018,
    title = {{How Big Data and AI Are Driving Business Innovation in 2018}},
    year = {2018},
    journal = {MIT Sloan Management Review},
    author = {Bean, Randy},
    url = {https://sloanreview.mit.edu/article/how-big-data-and-ai-are-driving-business-innovation-in-2018/}
}

@misc{Bean2018a,
    title = {{How Big Data Is Empowering AI and Machine Learning at Scale}},
    year = {2018},
    booktitle = {MIT Sloan Management Review},
    author = {Bean, Randy},
    url = {https://sloanreview.mit.edu/article/how-big-data-is-empowering-ai-and-machine-learning-at-scale/ https://sloanreview.mit.edu/article/how-big-data-is-empowering-ai-and-machine-learning-at-scale/%0Ahttp://files/152/how-big-data-is-empowering-ai-and-machine-}
}

@techreport{Nangia2019,
    title = {{Human vs. Muppet: A Conservative Estimate of Human Performance on the GLUE Benchmark}},
    year = {2019},
    author = {Nangia, Nikita and Bowman, Samuel R.},
    url = {http://arxiv.org/abs/1905.10425},
    arxivId = {1905.10425}
}

@article{articleb,
    title = {{Improve customs systems to monitor global wildlife trade}},
    year = {2015},
    journal = {Science},
    author = {Chan, Ken Hon-Ki and Zhang, Huarong and Yang, Feng and Fischer, Gunter},
    pages = {291--292},
    volume = {348},
    doi = {10.1126/science.aaa3141}
}

@article{Radford2018,
    title = {{Improving Language Understanding by Generative Pre-Training}},
    year = {2018},
    journal = {OpenAI},
    author = {Radford, Alec and Salimans, Tim},
    pages = {1--12},
    url = {https://s3-us-west-2.amazonaws.com/openai-assets/research-covers/language-unsupervised/language_understanding_paper.pdf}
}

@techreport{Liu2019c,
    title = {{Improving Multi-Task Deep Neural Networks via Knowledge Distillation for Natural Language Understanding}},
    year = {2019},
    author = {Liu, Xiaodong and He, Pengcheng and Chen, Weizhu and Gao, Jianfeng},
    url = {http://arxiv.org/abs/1904.09482},
    isbn = {1904.09482v1},
    arxivId = {1904.09482}
}

@book{Manning2008,
    title = {{Introduction to Information Retrieval}},
    year = {2008},
    author = {Manning, Christopher D. and Raghavan, Prabhakar and Schutze, Hinrich},
    publisher = {Cambridge University Press},
    url = {http://ebooks.cambridge.org/ref/id/CBO9780511809071},
    address = {Cambridge},
    isbn = {9780511809071},
    doi = {10.1017/CBO9780511809071},
    issn = {08912017},
    pmid = {3393},
    arxivId = {0521865719 9780521865715}
}

@article{Yassine2019,
    title = {{IoT big data analytics for smart homes with fog and cloud computing}},
    year = {2019},
    journal = {Future Generation Computer Systems},
    author = {Yassine, Abdulsalam and Singh, Shailendra and Hossain, M Shamim and Muhammad, Ghulam},
    pages = {563--573},
    volume = {91},
    url = {https://www.researchgate.net/publication/327424414},
    doi = {10.1016/j.future.2018.08.040},
    issn = {0167739X},
    keywords = {Big data analytics, Cloud computing, Energy management, Fog computing, Internet of Things (IoT), Smart homes}
}

@article{Luppes2019,
    title = {{Master thesis Classifying Short Text for the Harmonized System with Convolutional Neural Networks}},
    year = {2019},
    author = {Luppes, Jeffrey}
}

@techreport{Liu2019a,
    title = {{Multi-Task Deep Neural Networks for Natural Language Understanding}},
    year = {2019},
    author = {Liu, Xiaodong and He, Pengcheng and Chen, Weizhu and Gao, Jianfeng},
    pages = {4487--4496},
    url = {http://arxiv.org/abs/1901.11504},
    arxivId = {1901.11504}
}

@techreport{Liu2019,
    title = {{On the Variance of the Adaptive Learning Rate and Beyond}},
    year = {2019},
    author = {Liu, Liyuan and Jiang, Haoming and He, Pengcheng and Chen, Weizhu and Liu, Xiaodong and Gao, Jianfeng and Han, Jiawei},
    url = {http://arxiv.org/abs/1908.03265},
    arxivId = {1908.03265}
}

@misc{EstebanOrtiz-Ospina2018,
    title = {{Our World in Data: Trade and Globalization}},
    year = {2018},
    booktitle = {Trade and Globalizaton},
    author = {Esteban Ortiz-Ospina, Diana Beltekian and Max Roser},
    url = {https://ourworldindata.org/trade-and-globalization#citation https://ourworldindata.org/trade-and-globalization}
}

@misc{AuditorGeneralofCanada2017,
    title = {{Report 2—Customs Duties}},
    year = {2017},
    booktitle = {3 March 2017},
    author = {{Auditor General of Canada}},
    url = {http://www.oag-bvg.gc.ca/internet/English/parl_oag_201705_02_e_42224.html}
}

@article{Kappler2011a,
    title = {{Reversing the trend: Low cost and low risk methods for assuring proper duty payments}},
    year = {2011},
    journal = {World Customs Journal},
    author = {Kappler, Holm},
    issn = {18346715}
}

@techreport{Liu2019d,
    title = {{RoBERTa: A Robustly Optimized BERT Pretraining Approach}},
    year = {2019},
    author = {Liu, Yinhan and Ott, Myle and Goyal, Naman and Du, Jingfei and Joshi, Mandar and Chen, Danqi and Levy, Omer and Lewis, Mike and Zettlemoyer, Luke and Stoyanov, Veselin},
    url = {http://arxiv.org/abs/1907.11692},
    arxivId = {1907.11692}
}

@techreport{Liu2019b,
    title = {{RoBERTa: A Robustly Optimized BERT Pretraining Approach}},
    year = {2019},
    author = {Liu, Yinhan and Ott, Myle and Goyal, Naman and Du, Jingfei and Joshi, Mandar and Chen, Danqi and Levy, Omer and Lewis, Mike and Zettlemoyer, Luke and Stoyanov, Veselin},
    url = {http://arxiv.org/abs/1907.11692},
    arxivId = {1907.11692}
}

@article{doi:10.1146/annurev-linguistics-011415-040518,
    title = {{Sentiment Analysis: An Overview from Linguistics}},
    year = {2016},
    journal = {Annual Review of Linguistics},
    author = {Taboada, Maite},
    number = {1},
    pages = {325--347},
    volume = {2},
    url = {https://doi.org/10.1146/annurev-linguistics-011415-040518},
    doi = {10.1146/annurev-linguistics-011415-040518}
}

@techreport{Wang2019,
    title = {{StructBERT: Incorporating Language Structures into Pre-training for Deep Language Understanding}},
    year = {2019},
    author = {Wang, Wei and Bi, Bin and Yan, Ming and Wu, Chen and Bao, Zuyi and Peng, Liwei and Si, Luo},
    url = {http://arxiv.org/abs/1908.04577},
    arxivId = {1908.04577}
}

@techreport{Wang2019a,
    title = {{SuperGLUE: A Stickier Benchmark for General-Purpose Language Understanding Systems}},
    year = {2019},
    author = {Wang, Alex and Pruksachatkun, Yada and Nangia, Nikita and Singh, Amanpreet and Michael, Julian and Hill, Felix and Levy, Omer and Bowman, Samuel R.},
    url = {http://arxiv.org/abs/1905.00537},
    arxivId = {1905.00537}
}

@article{Alammar2018,
    title = {{The Illustrated BERT, ELMo, and co. (How NLP Cracked Transfer Learning) – Visualizing machine learning one concept at a time}},
    year = {2018},
    journal = {Blog},
    author = {Alammar, Jay},
    pages = {1--19},
    url = {http://jalammar.github.io/illustrated-bert/}
}

@article{Alammar2018a,
    title = {{The Illustrated Transformer – Jay Alammar}},
    year = {2018},
    author = {Alammar, Jay},
    pages = {1--21},
    url = {http://jalammar.github.io/illustrated-transformer/}
}

@misc{Chatterjee2019,
    title = {{Traditional vs Deep Learning Algorithms in Retail Industry — I Motivation — The Importance of Analytics in Retail}},
    year = {2019},
    booktitle = {05/27/2019},
    author = {Chatterjee, Sharmistha},
    pages = {1--24},
    url = {https://towardsdatascience.com/traditional-vs-deep-learning-algorithms-in-retail-industry-i-b7b7f86793d4},
    keywords = {Sharmistha Chatterjee}
}

@misc{Thia2019,
    title = {{What were the most significant machine learning / AI advances in 2018?}},
    year = {2019},
    booktitle = {KDnuggets},
    author = {Thia, Kai Xin},
    url = {https://www.forbes.com/sites/quora/2019/01/15/what-were-the-most-significant-machine-learning-advances-of-2018/#3c11826ddc42 www.kdnuggets.com/2019/01/machine-learning-ai-advances-2018.html}
}

@misc{GeneralSecretariatoftheWorldCustomsOrganisationWCO1983,
    title = {{World Customs Organization}},
    year = {1983},
    booktitle = {June 1983},
    author = {{General Secretariat of the World Customs Organisation (WCO)}},
    url = {http://www.wcoomd.org/en/topics/nomenclature/instrument-and-tools/hs_convention.aspx}
}

@techreport{Yang2019,
    title = {{XLNet: Generalized Autoregressive Pretraining for Language Understanding}},
    year = {2019},
    author = {Yang, Zhilin and Dai, Zihang and Yang, Yiming and Carbonell, Jaime and Salakhutdinov, Ruslan and Le, Quoc V.},
    url = {http://arxiv.org/abs/1906.08237},
    arxivId = {1906.08237}
}

@misc{Marr201827Pratice.pdf,
    title = {{27 incredible examples of ai and machine learning in pratice.pdf}},
    year = {2018},
    author = {Marr, Bernard},
    url = {https://www.forbes.com/sites/bernardmarr/2018/04/30/27-incredible-examples-of-ai-and-machine-learning-in-practice/#762e6c757502}
}

@article{AccelerateAI,
    title = {{Accelerate Access to Data and Analytics With AI}},
    url = {https://sloanreview.mit.edu/article/accelerate-access-to-data-and-analytics-with-ai/}
}

@misc{KollarMichaelAIAtos,
    title = {{AI and ML without data? What are you going to do? - Atos}},
    booktitle = {2019-05-15},
    author = {{Kollar Michael}},
    url = {https://atos.net/en/blog/ai-and-ml-without-data-what-are-you-going-to-do}
}

@article{Lauterbach2016ArtificialImperative,
    title = {{Artificial Intelligence : A Strategic Business And Governance Imperative}},
    year = {2016},
    journal = {NACD Directorship},
    author = {Lauterbach, Anastassia and Bonime-Blanc, Andrea},
    number = {September/October},
    pages = {54--57},
    url = {https://pdfs.semanticscholar.org/35c2/1f09c919e76d4807bcbabf65ee34a483681f.pdf}
}

@misc{Conick2016AsRisks.,
    title = {{As Data Gets Bigger, So Do the Risks.}},
    year = {2016},
    booktitle = {Marketing Insights},
    author = {Conick, Hal},
    number = {2},
    pages = {1},
    volume = {28},
    url = {http://web.b.ebscohost.com.hub.tbs-education.fr/ehost/detail/detail?vid=0&sid=9a023208-b349-4749-8611-c4b6306c2086%40pdc-v-sessmgr05&bdata=JnNpdGU9ZWhvc3QtbGl2ZSZzY29wZT1zaXRl#AN=121074835&db=bth http://search.ebscohost.com/login.aspx?direct=true&db=bth&A},
    isbn = {10408460},
    keywords = {Acquisition of data, Big data -- Moral {\&} ethical aspects, Bill -- Interviews, Chief information officers, College teachers, Computers in marketing, Hong, Jason -- Interviews, Kirsten -- Interviews, Martin, Schmarzo}
}

@article{Hand2018AspectsNow,
    title = {{Aspects of Data Ethics in a Changing World: Where Are We Now?}},
    year = {2018},
    journal = {Big Data},
    author = {Hand, David J},
    number = {3},
    pages = {176--190},
    volume = {6},
    url = {https://www.liebertpub.com/doi/pdfplus/10.1089/big.2018.0083},
    doi = {10.1089/big.2018.0083},
    issn = {2167-6461},
    keywords = {algorithms, confidentiality, data ownership, personal data, privacy, trustworthiness}
}

@article{Metcalf2016BigRule,
    title = {{Big data analytics and revision of the common rule}},
    year = {2016},
    journal = {Communications of the ACM},
    author = {Metcalf, Jacob},
    number = {7},
    pages = {31--33},
    volume = {59},
    url = {http://interactions.acm.org},
    doi = {10.1145/2935882},
    issn = {00010782}
}

@misc{BIGEBSCOhost,
    title = {{BIG DATA ETHICS.: EBSCOhost}},
    url = {http://web.b.ebscohost.com.hub.tbs-education.fr/ehost/pdfviewer/pdfviewer?vid=2&sid=7f081e41-825e-40c7-8ad9-713932372389%40sessionmgr104 http://web.a.ebscohost.com.ezproxy.royalroads.ca/ehost/pdfviewer/pdfviewer?vid=6&sid=78e7aed2-c104-4ee8-bd0c-c77543d81}
}

@misc{CouncilAI,
    title = {{Council Post: The Evolution Of Natural Language Processing And Its Impact On AI}},
    url = {https://www.forbes.com/sites/forbestechcouncil/2018/11/06/the-evolution-of-natural-language-processing-and-its-impact-on-ai/#4e6e23971119}
}

@article{Stahl2018EthicsInnovation,
    title = {{Ethics and Privacy in AI and Big Data: Implementing Responsible Research and Innovation}},
    year = {2018},
    journal = {IEEE Security and Privacy},
    author = {Stahl, Bernd Carsten and Wright, David},
    number = {3},
    month = {5},
    pages = {26--33},
    volume = {16},
    url = {https://ieeexplore.ieee.org/document/8395078/},
    doi = {10.1109/MSP.2018.2701164},
    issn = {15584046},
    keywords = {AI Ethics, Human Brain Project, artificial intelligence, ethics, responsible research and innovation, security, smart information systems}
}

@article{OLeary2016EthicsAnalytics,
    title = {{Ethics for Big Data and Analytics}},
    year = {2016},
    journal = {IEEE Intelligent Systems},
    author = {O'Leary, Daniel E.},
    number = {4},
    month = {7},
    pages = {81--84},
    volume = {31},
    url = {https://ieeexplore.ieee.org/document/7515114/},
    doi = {10.1109/MIS.2016.70},
    issn = {15411672},
    keywords = {Internet of Things, analytics, big data, code of conduct, code of ethics, ethics, intelligent systems}
}

@article{Bakir2017IntroductionEra,
    title = {{Introduction to Special Theme Veillance and transparency: A critical examination of mutual watching in the post-Snowden, Big Data era}},
    year = {2017},
    journal = {Big Data {\&} Society},
    author = {Bakir, Vian and Feilzer, Martina and McStay, Andrew},
    number = {1},
    pages = {205395171769899},
    volume = {4},
    url = {https://us.sagepub.com/en-us/nam/open-access-},
    doi = {10.1177/2053951717698996},
    issn = {2053-9517}
}

@article{Berendt2015IsSciences,
    title = {{Is it Research or is it Spying? Thinking-Through Ethics in Big Data AI and Other Knowledge Sciences}},
    year = {2015},
    journal = {KI - K{\"{u}}nstliche Intelligenz},
    author = {Berendt, Bettina and B{\"{u}}chler, Marco and Rockwell, Geoffrey},
    number = {2},
    month = {6},
    pages = {223--232},
    volume = {29},
    publisher = {Springer Berlin Heidelberg},
    url = {http://link.springer.com/10.1007/s13218-015-0355-2},
    doi = {10.1007/s13218-015-0355-2},
    issn = {0933-1875}
}

@article{Houlsby2019Parameter-EfficientNLP,
    title = {{Parameter-Efficient Transfer Learning for NLP}},
    year = {2019},
    author = {Houlsby, Neil and Giurgiu, Andrei and Jastrzebski, Stanislaw and Morrone, Bruna and de Laroussilhe, Quentin and Gesmundo, Andrea and Attariyan, Mona and Gelly, Sylvain},
    url = {https://github.com/google-research/ http://arxiv.org/abs/1902.00751},
    arxivId = {1902.00751}
}

@misc{ClausLarsenProtectingAtos,
    title = {{Protecting people in the age of data - Atos}},
    booktitle = {2017-11-21},
    author = {{Claus Larsen}},
    url = {https://atos.net/en/blog/protecting-people-age-data}
}

@article{Sula2016ResearchData,
    title = {{Research Ethics in an Age of Big Data}},
    year = {2016},
    journal = {Bulletin of the Association for Information Science and Technology},
    author = {Sula, Chris Alen},
    number = {2},
    month = {1},
    pages = {17--21},
    volume = {42},
    publisher = {John Wiley {\&} Sons, Ltd},
    url = {http://doi.wiley.com/10.1002/bul2.2016.1720420207},
    doi = {10.1002/bul2.2016.1720420207},
    issn = {23739223},
    keywords = {anonymity, big data, data collection, ethics, information dissemination, personal information, privacy, research methods}
}

@article{Elish2018SituatingAI,
    title = {{Situating methods in the magic of Big Data and AI}},
    year = {2018},
    journal = {Communication Monographs},
    author = {Elish, M. C. and Boyd, Danah},
    number = {1},
    pages = {57--80},
    volume = {85},
    url = {https://doi.org/10.1080/03637751.2017.1375130},
    doi = {10.1080/03637751.2017.1375130},
    issn = {14795787},
    keywords = {AI, Big Data, Methodology, epistemology, ethnography, machine learning}
}

@article{Arnold2018TheSystems,
    title = {{The “big red button” is too late: an alternative model for the ethical evaluation of AI systems}},
    year = {2018},
    journal = {Ethics and Information Technology},
    author = {Arnold, Thomas and Scheutz, Matthias},
    number = {1},
    month = {3},
    pages = {59--69},
    volume = {20},
    publisher = {Springer Netherlands},
    url = {http://link.springer.com/10.1007/s10676-018-9447-7},
    doi = {10.1007/s10676-018-9447-7},
    issn = {15728439},
    keywords = {Artificial intelligence, Computational architecture, Ethics}
}

@article{Application2019UsingRegulators,
    title = {{Using NLP to build a search {\&} discovery app for Regulators}},
    year = {2019},
    author = {Application, The},
    pages = {1--8},
    url = {https://towardsdatascience.com/using-nlp-to-build-a-search-discovery-app-for-regulators-e674baae2288}
}

@misc{UsingWorld,
    title = {{Using Vacation to Help the World}},
    url = {https://sloanreview.mit.edu/article/using-ai-to-help-the-world-thrive/}
}

@book{WorldTradeOrganization2019World2019,
    title = {{World Trade Statistical Review 2019}},
    year = {2019},
    booktitle = {World Trade Statistical Review 2019},
    author = {{World Trade Organization}},
    month = {7},
    series = {World Trade Statistical Review},
    publisher = {WTO},
    url = {https://www.wto-ilibrary.org/trade-monitoring/world-trade-statistical-review-2019_7195c6e1-en},
    institution = {World Trade Organization},
    isbn = {9789287047816},
    doi = {10.30875/456c2d7e-en}
}